[gd_scene load_steps=7 format=1]

[ext_resource path="res://board.gd" type="Script" id=1]
[ext_resource path="res://bar.png" type="Texture" id=2]
[ext_resource path="res://x.png" type="Texture" id=3]
[ext_resource path="res://board_scoreboard.gd" type="Script" id=4]
[ext_resource path="res://o.png" type="Texture" id=5]

[sub_resource type="StyleBoxEmpty" id=1]

content_margin/left = -1.0
content_margin/right = -1.0
content_margin/top = -1.0
content_margin/bottom = -1.0

[node name="Panel" type="Panel"]

process/pause_mode = 2
anchor/left = 3
anchor/top = 3
anchor/right = 3
anchor/bottom = 3
focus/ignore_mouse = false
focus/stop_mouse = true
size_flags/horizontal = 2
size_flags/vertical = 2
margin/left = 320.0
margin/top = 200.0
margin/right = -320.0
margin/bottom = -200.0
script/script = ExtResource( 1 )

[node name="board" type="Container" parent="."]

process/pause_mode = 1
editor/display_folded = true
anchor/left = 3
anchor/top = 3
anchor/right = 3
anchor/bottom = 3
focus/ignore_mouse = false
focus/stop_mouse = true
size_flags/horizontal = 2
size_flags/vertical = 2
margin/left = 120.0
margin/top = 130.0
margin/right = -120.0
margin/bottom = -110.0

[node name="bar3" type="Sprite" parent="board"]

transform/pos = Vector2( 125, 168 )
transform/rot = 90.0
texture = ExtResource( 2 )

[node name="bar" type="Sprite" parent="board"]

transform/pos = Vector2( 82, 125 )
texture = ExtResource( 2 )

[node name="bar2" type="Sprite" parent="board"]

transform/pos = Vector2( 125, 83 )
transform/rot = 90.0
texture = ExtResource( 2 )

[node name="bar1" type="Sprite" parent="board"]

transform/pos = Vector2( 167, 125 )
texture = ExtResource( 2 )

[node name="field1" type="Button" parent="board"]

focus/ignore_mouse = false
focus/stop_mouse = true
size_flags/horizontal = 2
size_flags/vertical = 2
margin/left = 5.0
margin/top = 5.0
margin/right = 75.0
margin/bottom = 75.0
custom_styles/focus = SubResource( 1 )
toggle_mode = false
enabled_focus_mode = 2
shortcut = null
flat = false

[node name="field2" type="Button" parent="board"]

focus/ignore_mouse = false
focus/stop_mouse = true
size_flags/horizontal = 2
size_flags/vertical = 2
margin/left = 90.0
margin/top = 5.0
margin/right = 160.0
margin/bottom = 75.0
custom_styles/focus = SubResource( 1 )
toggle_mode = false
enabled_focus_mode = 2
shortcut = null
flat = false

[node name="field3" type="Button" parent="board"]

focus/ignore_mouse = false
focus/stop_mouse = true
size_flags/horizontal = 2
size_flags/vertical = 2
margin/left = 175.0
margin/top = 5.0
margin/right = 245.0
margin/bottom = 75.0
custom_styles/focus = SubResource( 1 )
toggle_mode = false
enabled_focus_mode = 2
shortcut = null
flat = false

[node name="field4" type="Button" parent="board"]

focus/ignore_mouse = false
focus/stop_mouse = true
size_flags/horizontal = 2
size_flags/vertical = 2
margin/left = 5.0
margin/top = 90.0
margin/right = 75.0
margin/bottom = 160.0
custom_styles/focus = SubResource( 1 )
toggle_mode = false
enabled_focus_mode = 2
shortcut = null
flat = false

[node name="field5" type="Button" parent="board"]

focus/ignore_mouse = false
focus/stop_mouse = true
size_flags/horizontal = 2
size_flags/vertical = 2
margin/left = 90.0
margin/top = 90.0
margin/right = 160.0
margin/bottom = 160.0
custom_styles/focus = SubResource( 1 )
toggle_mode = false
enabled_focus_mode = 2
shortcut = null
flat = false

[node name="field6" type="Button" parent="board"]

focus/ignore_mouse = false
focus/stop_mouse = true
size_flags/horizontal = 2
size_flags/vertical = 2
margin/left = 175.0
margin/top = 90.0
margin/right = 245.0
margin/bottom = 160.0
custom_styles/focus = SubResource( 1 )
toggle_mode = false
enabled_focus_mode = 2
shortcut = null
flat = false

[node name="field7" type="Button" parent="board"]

focus/ignore_mouse = false
focus/stop_mouse = true
size_flags/horizontal = 2
size_flags/vertical = 2
margin/left = 5.0
margin/top = 175.0
margin/right = 75.0
margin/bottom = 245.0
custom_styles/focus = SubResource( 1 )
toggle_mode = false
enabled_focus_mode = 2
shortcut = null
flat = false

[node name="field8" type="Button" parent="board"]

focus/ignore_mouse = false
focus/stop_mouse = true
size_flags/horizontal = 2
size_flags/vertical = 2
margin/left = 90.0
margin/top = 175.0
margin/right = 160.0
margin/bottom = 245.0
custom_styles/focus = SubResource( 1 )
toggle_mode = false
enabled_focus_mode = 2
shortcut = null
flat = false

[node name="field9" type="Button" parent="board"]

focus/ignore_mouse = false
focus/stop_mouse = true
size_flags/horizontal = 2
size_flags/vertical = 2
margin/left = 175.0
margin/top = 175.0
margin/right = 245.0
margin/bottom = 245.0
custom_styles/focus = SubResource( 1 )
toggle_mode = false
enabled_focus_mode = 2
shortcut = null
flat = false

[node name="Label" type="Label" parent="."]

focus/ignore_mouse = true
focus/stop_mouse = true
size_flags/horizontal = 2
size_flags/vertical = 0
margin/left = 10.0
margin/top = 15.0
margin/right = 104.0
margin/bottom = 29.0
text = "Current player:"
percent_visible = 1.0
lines_skipped = 0
max_lines_visible = -1

[node name="messagelabel" type="Label" parent="."]

anchor/top = 1
anchor/bottom = 1
focus/ignore_mouse = true
focus/stop_mouse = true
size_flags/horizontal = 2
size_flags/vertical = 0
margin/left = 25.0
margin/top = 35.0
margin/right = 605.0
margin/bottom = 21.0
percent_visible = 1.0
lines_skipped = 0
max_lines_visible = -1

[node name="messagelabel1" type="Label" parent="."]

anchor/top = 1
anchor/bottom = 1
focus/ignore_mouse = true
focus/stop_mouse = true
size_flags/horizontal = 2
size_flags/vertical = 0
margin/left = 25.0
margin/top = 35.0
margin/right = 605.0
margin/bottom = 21.0
percent_visible = 1.0
lines_skipped = 0
max_lines_visible = -1

[node name="currentplayer" type="TextureFrame" parent="."]

rect/scale = Vector2( 0.2, 0.2 )
focus/ignore_mouse = true
focus/stop_mouse = true
size_flags/horizontal = 2
size_flags/vertical = 2
margin/left = 110.0
margin/top = 15.0
margin/right = 174.0
margin/bottom = 79.0
texture = ExtResource( 3 )
stretch_mode = 5

[node name="scoreboard" type="Container" parent="."]

anchor/left = 1
anchor/right = 1
focus/ignore_mouse = false
focus/stop_mouse = true
size_flags/horizontal = 2
size_flags/vertical = 2
margin/left = 150.0
margin/top = 10.0
margin/right = 10.0
margin/bottom = 30.0
script/script = ExtResource( 4 )

[node name="currentplayer1" type="TextureFrame" parent="scoreboard"]

rect/scale = Vector2( 0.2, 0.2 )
focus/ignore_mouse = true
focus/stop_mouse = true
size_flags/horizontal = 2
size_flags/vertical = 2
margin/left = 5.0
margin/top = 5.0
margin/right = 69.0
margin/bottom = 69.0
texture = ExtResource( 3 )
stretch_mode = 5

[node name="currentplayer2" type="TextureFrame" parent="scoreboard"]

rect/scale = Vector2( 0.2, 0.2 )
focus/ignore_mouse = true
focus/stop_mouse = true
size_flags/horizontal = 2
size_flags/vertical = 2
margin/left = 75.0
margin/top = 5.0
margin/right = 139.0
margin/bottom = 69.0
texture = ExtResource( 5 )
stretch_mode = 5

[node name="Label" type="Label" parent="scoreboard"]

focus/ignore_mouse = true
focus/stop_mouse = true
size_flags/horizontal = 2
size_flags/vertical = 0
margin/left = 20.0
margin/top = 5.0
margin/right = 25.0
margin/bottom = 19.0
text = ":"
percent_visible = 1.0
lines_skipped = 0
max_lines_visible = -1

[node name="x_score" type="Label" parent="scoreboard"]

focus/ignore_mouse = true
focus/stop_mouse = true
size_flags/horizontal = 2
size_flags/vertical = 0
margin/left = 25.0
margin/top = 5.0
margin/right = 70.0
margin/bottom = 19.0
text = "0"
percent_visible = 1.0
lines_skipped = 0
max_lines_visible = -1

[node name="o_score" type="Label" parent="scoreboard"]

focus/ignore_mouse = true
focus/stop_mouse = true
size_flags/horizontal = 2
size_flags/vertical = 0
margin/left = 95.0
margin/top = 5.0
margin/right = 140.0
margin/bottom = 19.0
text = "0"
percent_visible = 1.0
lines_skipped = 0
max_lines_visible = -1

[node name="Label1" type="Label" parent="scoreboard"]

focus/ignore_mouse = true
focus/stop_mouse = true
size_flags/horizontal = 2
size_flags/vertical = 0
margin/left = 90.0
margin/top = 5.0
margin/right = 95.0
margin/bottom = 19.0
text = ":"
percent_visible = 1.0
lines_skipped = 0
max_lines_visible = -1


